@BOOK{feynman1963,
  title={The Feynman Lectures on Physics},
  author={R. P. Feynman and R. B. Leighton and M. L. Sands and M. A. Gottlieb},
  year=1963,
  publisher={Pearson/Addison--Wesley},
}

@BOOK{spong1989,
  title={Robot Dynamics and Control},
  author={M. W. Spong and M. Vidyasagar},
  year={1989},
  publisher={Wiley},
}
